<?xml version="1.0" encoding="UTF-8"?><record xmlns="http://www.loc.gov/MARC21/slim" xmlns:cinclude="http://apache.org/cocoon/include/1.0" xmlns:zs="http://www.loc.gov/zing/srw/">
  <leader>00550nz  a2200145n  4500</leader>
  <controlfield tag="001">no2004050005</controlfield>
  <controlfield tag="003">DLC</controlfield>
  <controlfield tag="005">20040526053229.0</controlfield>
  <controlfield tag="008">040525n| acannaab           |a ana     c</controlfield>
  <datafield tag="010" ind1=" " ind2=" ">
    <subfield code="a">no2004050005</subfield>
  </datafield>
  <datafield tag="035" ind1=" " ind2=" ">
    <subfield code="a">(OCoLC)oca06355273</subfield>
  </datafield>
  <datafield tag="040" ind1=" " ind2=" ">
    <subfield code="a">TxU-Mu</subfield>
    <subfield code="b">eng</subfield>
    <subfield code="c">TxU-Mu</subfield>
  </datafield>
  <datafield tag="110" ind1="2" ind2=" ">
    <subfield code="a">Clifford Thornton New Art Ensemble</subfield>
  </datafield>
  <datafield tag="500" ind1="1" ind2=" ">
    <subfield code="a">Thornton, Clifford</subfield>
  </datafield>
  <datafield tag="670" ind1=" " ind2=" ">
    <subfield code="a">Freedom &amp; unity [SR] 1967:</subfield>
    <subfield code="b">container (Clifford Thornton New Art Ensemble (Clifford Thornton, trombone ; Sonny King, saxophone ; Karl Berger, vibraharp ; Don Moore, bass ; Harold Avent, percussion))</subfield>
  </datafield>
</record>